<?xml version="1.0" encoding="UTF-8"?>
<collection xmlns:xsi="http://www.w3.org/2001/XMLSchema-instance" xsi:schemaLocation="http://www.loc.gov/MARC21/slim http://www.loc.gov/standards/marcxml/schema/MARC21slim.xsd" xmlns="http://www.loc.gov/MARC21/slim">
<record>
  <leader>00841cam a22002291a 4500</leader>
  <controlfield tag="001">2982068</controlfield>
  <controlfield tag="003">NNC</controlfield>
  <controlfield tag="005">20150817132402.0</controlfield>
  <controlfield tag="008">940523s1953    ua            000 0 ara d</controlfield>
  <datafield tag="035" ind1=" " ind2=" ">
    <subfield code="a">(OCoLC)ocm30483635</subfield>
  </datafield>
  <datafield tag="035" ind1=" " ind2=" ">
    <subfield code="9">ASM9205CU</subfield>
  </datafield>
  <datafield tag="035" ind1=" " ind2=" ">
    <subfield code="a">(NNC)2982068</subfield>
  </datafield>
  <datafield tag="040" ind1=" " ind2=" ">
    <subfield code="a">CUY</subfield>
    <subfield code="c">CUY</subfield>
    <subfield code="d">OCL</subfield>
    <subfield code="d">ZCU</subfield>
  </datafield>
  <datafield tag="090" ind1=" " ind2=" ">
    <subfield code="a">PJ7755</subfield>
    <subfield code="b">.U8 1953</subfield>
  </datafield>
  <datafield tag="100" ind1="0" ind2=" ">
    <subfield code="a">Usāmah ibn Munqidh,</subfield>
    <subfield code="d">1095-1188.</subfield>
  </datafield>
  <datafield tag="240" ind1="1" ind2="0">
    <subfield code="a">Poems</subfield>
  </datafield>
  <datafield tag="245" ind1="1" ind2="0">
    <subfield code="a">Dīwān Usāmah ibn Munqidh /</subfield>
    <subfield code="c">ḥaqqaqahu wa-qaddama lahu Aḥmad Aḥmad Badawī [wa-] Hāmid ʻAbd al-Majīd.</subfield>
  </datafield>
  <datafield tag="260" ind1=" " ind2=" ">
    <subfield code="a">al-Qāhirah :</subfield>
    <subfield code="b">Al-Maṭbaʻah al-Amīrīyyah,</subfield>
    <subfield code="c">1953.</subfield>
  </datafield>
  <datafield tag="300" ind1=" " ind2=" ">
    <subfield code="a">45,362 p.</subfield>
  </datafield>
  <datafield tag="500" ind1=" " ind2=" ">
    <subfield code="a">At head of title:  Wizārat al-Maʻārif al-ʻUmūmīyah.  al-Idārat al-ʻĀmmah lil-Thaqāfah.  Idārat Nashr al-Turāth al-ʻArabī.</subfield>
  </datafield>
  <datafield tag="700" ind1="1" ind2=" ">
    <subfield code="a">Badawī, Aḥmad Aḥmad.</subfield>
  </datafield>
  <datafield tag="955" ind1=" " ind2=" ">
    <subfield code="b">0036761397</subfield>
    <subfield code="d">glx</subfield>
    <subfield code="e">PJ7755 .U8 1953</subfield>
  </datafield>
</record>
</collection>